<?xml version="1.0" encoding="utf-8"?>
<record xmlns="http://www.loc.gov/MARC21/slim" xmlns:xsi="http://www.w3.org/2001/XMLSchema-instance" xsi:schemaLocation="http://www.loc.gov/MARC21/slim http://www.loc.gov/standards/marcxml/schema/MARC21slim.xsd">
	<leader>     nam a22     Mi 4500</leader>
	<controlfield tag="001">214967</controlfield>
	<controlfield tag="003">NjP</controlfield>
	<controlfield tag="006">m        d        </controlfield>
	<controlfield tag="007">cr cn |||m|||a</controlfield>
	<controlfield tag="008">190124m19609999ir      o     000 0 ara d</controlfield>
	<datafield ind1=" " ind2=" " tag="040">
		<subfield code="a">ZYU</subfield>
		<subfield code="b">ara</subfield>
		<subfield code="e">rda</subfield>
		<subfield code="c">ZYU</subfield>
	</datafield>
	<datafield ind1="1" ind2=" " tag="100">
		<subfield code="a">Tabrīzī, Yūsuf al-Madanī.</subfield>
	</datafield>
	<datafield ind1="1" ind2="0" tag="240">
		<subfield code="a">Durar al-fawāʼid fī sharḥ al-Farāʼid</subfield>
	</datafield>
	<datafield ind1="1" ind2="0" tag="245">
		<subfield code="a">Min Durar al-fawāʼid fī sharḥ al-Farāʼid /</subfield>
		<subfield code="c">li-muʼallifihi Yūsuf al-Madanī al-Tabrīzī.</subfield>
	</datafield>
	<datafield ind1=" " ind2=" " tag="250">
		<subfield code="a">al-Ṭabʻah 2.</subfield>
	</datafield>
	<datafield ind1=" " ind2=" " tag="260">
		<subfield code="a">[Qum] :</subfield>
		<subfield code="b">[publisher not identified],</subfield>
		<subfield code="c">1380- [1960-]</subfield>
		<subfield code="e">(Qum :</subfield>
		<subfield code="f">al-Maṭbaʻah al-ʻIlmīyah)</subfield>
	</datafield>
	<datafield ind1=" " ind2=" " tag="300">
		<subfield code="a">online resource (volumes)</subfield>
	</datafield>
	<datafield ind1=" " ind2=" " tag="336">
		<subfield code="a">text</subfield>
		<subfield code="2">rdacontent</subfield>
	</datafield>
	<datafield ind1=" " ind2=" " tag="337">
		<subfield code="a">computer</subfield>
		<subfield code="2">rdamedia</subfield>
	</datafield>
	<datafield ind1=" " ind2=" " tag="338">
		<subfield code="a">online resource</subfield>
		<subfield code="2">rdacarrier</subfield>
	</datafield>
	<datafield ind1=" " ind2=" " tag="500">
		<subfield code="a">Part of the Arabic Collections Online (ACO) project, contributed by Princeton University Libraries.</subfield>
	</datafield>
	<datafield ind1=" " ind2=" " tag="533">
		<subfield code="a">Electronic reproduction.</subfield>
		<subfield code="b">New York, N.Y. :</subfield>
		<subfield code="c">New York University,</subfield>
		<subfield code="d">2019.</subfield>
		<subfield code="5">NNU</subfield>
	</datafield>
	<datafield ind1="1" ind2="0" tag="600">
		<subfield code="a">Anṣārī, Murtaḍá ibn Muḥammad Amīn,</subfield>
		<subfield code="d">1799 or 1800-1864.</subfield>
		<subfield code="t">Rasāʼil.</subfield>
	</datafield>
	<datafield ind1=" " ind2="0" tag="650">
		<subfield code="a">Islamic law</subfield>
		<subfield code="x">Interpretation and construction.</subfield>
	</datafield>
	<datafield ind1="0" ind2="7" tag="630">
		<subfield code="a">Rasāʼil (Anṣārī, Murtaḍá ibn Muḥammad Amīn)</subfield>
		<subfield code="2">fast</subfield>
		<subfield code="0">(OCoLC)fst01378869</subfield>
	</datafield>
	<datafield ind1=" " ind2="7" tag="650">
		<subfield code="a">Islamic law</subfield>
		<subfield code="x">Interpretation and construction.</subfield>
		<subfield code="2">fast</subfield>
		<subfield code="0">(OCoLC)fst00979955</subfield>
	</datafield>
	<datafield ind1="2" ind2=" " tag="710">
		<subfield code="a">Princeton University.</subfield>
		<subfield code="b">Library.</subfield>
	</datafield>
	<datafield ind1="0" ind2=" " tag="730">
		<subfield code="a">Arabic Collections Online.</subfield>
	</datafield>
	<datafield ind1="0" ind2="8" tag="776">
		<subfield code="i">Print version:</subfield>
		<subfield code="a">Tabrīzī, Yūsuf al-Madanī.</subfield>
		<subfield code="t">Min Durar al-fawāʼid fī sharḥ al-Farāʼid</subfield>
		<subfield code="w">(NjP)214967</subfield>
		<subfield code="w">(OCoLC)78732271</subfield>
	</datafield>
	<datafield ind1="4" ind2="0" tag="856">
		<subfield code="u">http://hdl.handle.net/2333.1/jdfn361b</subfield>
	</datafield>
	<datafield ind1=" " ind2=" " tag="959">
		<subfield code="a">NNU</subfield>
		<subfield code="b">WEB</subfield>
		<subfield code="c">GENI</subfield>
		<subfield code="t">0</subfield>
		<subfield code="m">Electronic access</subfield>
		<subfield code="s">01</subfield>
	</datafield>
	<datafield ind1=" " ind2=" " tag="999">
		<subfield code="i">NjP_214967</subfield>
		<subfield code="o">(OCoLC)ocm78732271 </subfield>
		<subfield code="s">princeton_aco001639:juz 1</subfield>
		<subfield code="s">princeton_aco001640:juz 2</subfield>
		<subfield code="s">princeton_aco001641:juz 3</subfield>
		<subfield code="s">princeton_aco001642:juz 4</subfield>
		<subfield code="s">princeton_aco001643:juz 5</subfield>
		<subfield code="e">(ERROR-880)(ERROR-MISC)</subfield>
	</datafield>
</record>
